<record><leader>00000cas a2200000 a 4500</leader><controlfield tag="001">19567870</controlfield><controlfield tag="008">890419c19879999vtuwr ne      0   a0eng d</controlfield><datafield ind1=" " ind2=" " tag="010"><subfield code="a">sn 00064146 </subfield></datafield><datafield ind1=" " ind2=" " tag="040"><subfield code="a">VTU</subfield><subfield code="b">eng</subfield><subfield code="c">VTU</subfield><subfield code="d">NVN</subfield><subfield code="d">OCLCQ</subfield></datafield><datafield ind1=" " ind2=" " tag="037"><subfield code="b">Mountain Villager Press, P.O. Box 100, Jericho, VT 05465</subfield></datafield><datafield ind1=" " ind2=" " tag="043"><subfield code="a">n-us-vt</subfield></datafield><datafield ind1=" " ind2=" " tag="090"><subfield code="a">PN4899.J47</subfield><subfield code="b">M68</subfield></datafield><datafield ind1="0" ind2="4" tag="245"><subfield code="a">The Mountain villager.</subfield></datafield><datafield ind1=" " ind2=" " tag="260"><subfield code="a">Jericho, Vt. :</subfield><subfield code="b">Mountain Villager Press</subfield></datafield><datafield ind1=" " ind2=" " tag="300"><subfield code="a">v. :</subfield><subfield code="b">ill. ;</subfield><subfield code="c">41 cm.</subfield></datafield><datafield ind1=" " ind2=" " tag="310"><subfield code="a">Weekly</subfield></datafield><datafield ind1="0" ind2=" " tag="362"><subfield code="a">Vol. 1, no. 1 (Sept. 29, 1987)-</subfield></datafield><datafield ind1=" " ind2=" " tag="500"><subfield code="a">"Made in the shade of the mountain."</subfield></datafield><datafield ind1=" " ind2=" " tag="500"><subfield code="a">"Serving: Jericho, Underhill, and also Cambridge and Jeffersonville."</subfield></datafield><datafield ind1=" " ind2=" " tag="515"><subfield code="a">Many issues misnumbered; issues for July 29 and Aug. 5, 1988 both called v.2, no. 10; issues for Dec. 2 and Dec. 9, 1988 both called v.2, no. 26.</subfield></datafield><datafield ind1=" " ind2="0" tag="651"><subfield code="a">Jericho (Vt.)</subfield><subfield code="v">Newspapers.</subfield></datafield><datafield ind1=" " ind2="0" tag="651"><subfield code="a">Chittenden County (Vt.)</subfield><subfield code="v">Newspapers.</subfield></datafield><datafield ind1=" " ind2="0" tag="651"><subfield code="a">Vermont</subfield><subfield code="v">Newspapers.</subfield></datafield><datafield ind1=" " ind2=" " tag="752"><subfield code="a">United States</subfield><subfield code="b">Vermont</subfield><subfield code="c">Chittenden</subfield><subfield code="d">Jericho.</subfield></datafield></record>